<record><leader>00000cas a22000007a 4500</leader><controlfield tag="001">15170636</controlfield><controlfield tag="008">870209d19342013txucr ne      0   a0eng d</controlfield><datafield ind1=" " ind2=" " tag="010"><subfield code="a">sn 86090846 </subfield></datafield><datafield ind1=" " ind2=" " tag="040"><subfield code="a">PPM</subfield><subfield code="b">eng</subfield><subfield code="c">PPM</subfield><subfield code="d">NSD</subfield><subfield code="d">OCLCQ</subfield><subfield code="d">DLC</subfield></datafield><datafield ind1=" " ind2=" " tag="012"><subfield code="m">d</subfield></datafield><datafield ind1="1" ind2=" " tag="022"><subfield code="a">1080-8574</subfield><subfield code="l">1080-8574</subfield><subfield code="2">1</subfield></datafield><datafield ind1=" " ind2=" " tag="037"><subfield code="b">Waco Citizen, 1020 N. 25th, Waco, TX 76707</subfield></datafield><datafield ind1=" " ind2=" " tag="042"><subfield code="a">msc</subfield><subfield code="a">nsdp</subfield></datafield><datafield ind1=" " ind2="4" tag="222"><subfield code="a">The Waco citizen</subfield></datafield><datafield ind1="0" ind2="4" tag="245"><subfield code="a">The Waco citizen.</subfield></datafield><datafield ind1="1" ind2="3" tag="246"><subfield code="a">Waco citizen and the LaVega citizen</subfield></datafield><datafield ind1=" " ind2=" " tag="260"><subfield code="a">Waco, Tex. :</subfield><subfield code="b">Bill C. Foster</subfield></datafield><datafield ind1=" " ind2=" " tag="310"><subfield code="a">Semiweekly,</subfield><subfield code="b">&lt;1985-1995&gt;</subfield></datafield><datafield ind1=" " ind2=" " tag="321"><subfield code="a">Weekly,</subfield><subfield code="b">&lt;1956-1962&gt;</subfield></datafield><datafield ind1="1" ind2=" " tag="362"><subfield code="a">Began in 1934? Ceased in 2013.</subfield></datafield><datafield ind1=" " ind2=" " tag="580"><subfield code="a">Merged with Suburban courier to form: Citizen courier.</subfield></datafield><datafield ind1=" " ind2=" " tag="588"><subfield code="a">Description based on: Vol. 22, no. 20 (Jan. 5, 1956).</subfield></datafield><datafield ind1=" " ind2=" " tag="588"><subfield code="a">Latest issue consulted: Vol. 60, no. 23 (Jan. 10, 1995).</subfield></datafield><datafield ind1=" " ind2=" " tag="752"><subfield code="a">United States</subfield><subfield code="b">Texas</subfield><subfield code="c">McLennan</subfield><subfield code="d">Waco.</subfield></datafield><datafield ind1="0" ind2=" " tag="775"><subfield code="t">Texas citizen</subfield><subfield code="w">(DLC)sn 87090759</subfield></datafield><datafield ind1="0" ind2=" " tag="775"><subfield code="t">Waco news-citizen</subfield><subfield code="w">(OCoLC)14277913</subfield></datafield><datafield ind1="0" ind2="5" tag="780"><subfield code="t">Texas citizen</subfield><subfield code="w">(DLC)sn 87090759</subfield></datafield><datafield ind1="0" ind2="5" tag="780"><subfield code="t">Waco news-citizen</subfield><subfield code="w">(OCoLC)14277913</subfield></datafield><datafield ind1="1" ind2="7" tag="785"><subfield code="t">Suburban courier</subfield></datafield><datafield ind1="1" ind2="7" tag="785"><subfield code="t">Citizen courier</subfield><subfield code="x">2330-2054</subfield><subfield code="w">(DLC)  2013201391</subfield><subfield code="w">(OCoLC)854371186</subfield></datafield></record>